<record xmlns='http://www.loc.gov/MARC21/slim'><leader>01465cim a22003252u 4500</leader><controlfield tag='001'>3600679</controlfield><controlfield tag='005'>20151214182650.0</controlfield><controlfield tag='007'>ss|lmnjluz|nuu</controlfield><controlfield tag='008'>991101s1988    nyunnn         l    eng d</controlfield><datafield ind1=' ' ind2=' ' tag='035'><subfield code='a'>(NIC)notisASF7744</subfield></datafield><datafield ind1=' ' ind2=' ' tag='035'><subfield code='a'>3600679</subfield></datafield><datafield ind1=' ' ind2=' ' tag='035'><subfield code='a'>(OCoLC)63896437</subfield></datafield><datafield ind1=' ' ind2=' ' tag='040'><subfield code='a'>NIC</subfield><subfield code='c'>NIC</subfield><subfield code='d'>NIC</subfield><subfield code='d'>NIC</subfield></datafield><datafield ind1='1' ind2=' ' tag='100'><subfield code='a'>Orlov, Yuri,</subfield><subfield code='d'>1924-</subfield></datafield><datafield ind1='1' ind2='4' tag='245'><subfield code='a'>The Gorbachev reforms: a relationship between human rights and mutual security</subfield><subfield code='h'>[sound recording]</subfield></datafield><datafield ind1=' ' ind2=' ' tag='260'><subfield code='c'>1988.</subfield></datafield><datafield ind1=' ' ind2=' ' tag='300'><subfield code='a'>1 sound cassette (35 min.) :</subfield><subfield code='b'>analog, mono.</subfield></datafield><datafield ind1=' ' ind2=' ' tag='500'><subfield code='a'>Recorded in Ithaca, NY by Cornell University.</subfield></datafield><datafield ind1=' ' ind2=' ' tag='500'><subfield code='a'>Accompanied by: Notes.</subfield></datafield><datafield ind1=' ' ind2=' ' tag='500'><subfield code='a'>Sponsored by: November 11th Committee.</subfield></datafield><datafield ind1=' ' ind2=' ' tag='500'><subfield code='a'>Speaker(s): Orlov is a Soviet physicist who was imprisonned in the Soviet Union because of his human rights activism.  He is now a researcher at Cornell in the Physics Department.</subfield></datafield><datafield ind1=' ' ind2=' ' tag='518'><subfield code='a'>Lecture, April 27, 1988.</subfield></datafield><datafield ind1=' ' ind2=' ' tag='520'><subfield code='a'>Orlov discusses the current situation in the Soviet Union in view of &quot;glasnost&quot; and suggests that the withdrawal of Soviet troops from Afghanistan is unique in the history of the Soviet Union.</subfield></datafield><datafield ind1=' ' ind2='0' tag='651'><subfield code='a'>Soviet Union</subfield><subfield code='x'>Social conditions.</subfield></datafield><datafield ind1=' ' ind2='7' tag='650'><subfield code='a'>Social history</subfield><subfield code='2'>fast</subfield><subfield code='0'>(OCoLC)fst01122498</subfield></datafield><datafield ind1=' ' ind2='7' tag='651'><subfield code='a'>Soviet Union</subfield><subfield code='2'>fast</subfield><subfield code='0'>(OCoLC)fst01210281</subfield></datafield><datafield ind1=' ' ind2='0' tag='830'><subfield code='a'>Gorbachev and Soviet reform: insights on the present and future.</subfield></datafield><datafield ind1='1' ind2=' ' tag='899'><subfield code='a'>CULectures</subfield></datafield><datafield ind1=' ' ind2=' ' tag='905'><subfield code='a'>20000405120000.0</subfield></datafield><datafield ind1='2' ind2=' ' tag='948'><subfield code='a'>20141221</subfield><subfield code='b'>m</subfield><subfield code='d'>batch</subfield><subfield code='e'>lts</subfield><subfield code='x'>addfast</subfield></datafield></record>